@techreport{rfc2821,
   AUTHOR = "J. Klensin",
   TITLE = "{Simple Mail Transfer Protocol}",
   HOWPUBLISHED = {Internet Requests for Comments},
   TYPE="{RFC}",
   NUMBER=2821,
   PAGES = {1-33},
   YEAR = {2001},
   MONTH = {April},
   PUBLISHER = "{AT&T Laboratories}",
   INSTITUTION = "{AT&T Laboratories}",
   URL={http://rfc.com.ru/rfc2821.htm}
}

@techreport{rfc1123,
   AUTHOR = "R. Braden",
   TITLE = "{Requirements for Internet Hosts -- Application and Support}",
   HOWPUBLISHED = {Internet Requests for Comments},
   TYPE="{RFC}",
   NUMBER=1123,
   PAGES = {1-97},
   YEAR = {1989},
   MONTH = {October},
   PUBLISHER = "{Internet Engineering Task Force}",
   INSTITUTION = "{Internet Engineering Task Force}",
   URL={http://rfc.com.ru/rfc1123.htm}
}


@techreport{rfc5322,
   AUTHOR = "P. Resnick, Ed",
   TITLE = "{Requirements for Internet Hosts -- Application and Support}",
   HOWPUBLISHED = {Internet Requests for Comments},
   TYPE="{RFC}",
   NUMBER=5322,
   PAGES = {1-24},
   YEAR = {2008},
   MONTH = {October},
   PUBLISHER = "{Qualcomm Incorporated}",
   INSTITUTION = "{Qualcomm Incorporated}",
   URL={https://www.protocols.ru/WP/rfc5322/}
}

@techreport{rfc1035 ,
   AUTHOR = "P. Mockapetris",
   TITLE = "{DOMAIN NAMES â€” IMPLEMENTATION AND SPECIFICATION}",
   HOWPUBLISHED = {Internet Requests for Comments},
   TYPE="{RFC}",
   NUMBER=1035,
   PAGES = {1-24},
   YEAR = {1987},
   MONTH = {October},
   PUBLISHER = "{ISI}",
   INSTITUTION = "{ISI}",
   URL={https://www.protocols.ru/WP/rfc5322/}
}

@misc{dovecot_maildir,
  title = {Dovecot Maildir description},
  howpublished = {\url{https://wiki.dovecot.org/MailLocation/Maildir}},
  note = {Accessed: 2010-09-30}
}

@misc{qmail_maildir,
  title = {QMail Maildir description},
  howpublished = {\url{https://cr.yp.to/proto/maildir.html}},
  note = {Accessed: 2010-09-30}
}